<?xml version="1.0" encoding="UTF-8"?><record xmlns="http://www.loc.gov/MARC21/slim" xmlns:cinclude="http://apache.org/cocoon/include/1.0" xmlns:zs="http://www.loc.gov/zing/srw/">
  <leader>00455cz  a2200133n  4500</leader>
  <controlfield tag="001">n  90667710 </controlfield>
  <controlfield tag="003">DLC</controlfield>
  <controlfield tag="005">20040213120153.0</controlfield>
  <controlfield tag="008">900710n| acannaab           |n aaa      </controlfield>
  <datafield tag="010" ind1=" " ind2=" ">
    <subfield code="a">n  90667710 </subfield>
  </datafield>
  <datafield tag="040" ind1=" " ind2=" ">
    <subfield code="a">DLC</subfield>
    <subfield code="c">DLC</subfield>
    <subfield code="d">DLC</subfield>
  </datafield>
  <datafield tag="100" ind1="1" ind2=" ">
    <subfield code="a">Dubois, Philippe J.</subfield>
  </datafield>
  <datafield tag="670" ind1=" " ind2=" ">
    <subfield code="a">nuc90-44709: His Limicoles nicheurs de France, 1986</subfield>
    <subfield code="b">(hdg. on CaQMM rept.: Dubois, Philippe J.; usage: Philippe J. Dubois)</subfield>
  </datafield>
  <datafield tag="670" ind1=" " ind2=" ">
    <subfield code="a">Earth from above, c2004:</subfield>
    <subfield code="b">CIP t.p. (Philippe J. Dubois)</subfield>
  </datafield>
</record>